@ARTICLE{NSK16,
   author = {{N{\"a}ttil{\"a}}, J. and {Steiner}, A.~W. and {Kajava}, J.~J.~E. and
 {Suleimanov}, V.~F. and {Poutanen}, J.},
    title = "{Equation of state constraints for the cold dense matter inside neutron stars using the cooling tail method}",
  journal = {\aap},
archivePrefix = "arXiv",
   eprint = {1509.06561},
 primaryClass = "astro-ph.HE",
 keywords = {dense matter, stars: neutron, X-rays: binaries, X-rays: bursts},
     year = 2016,
    month = jun,
   volume = 591,
      eid = {A25},
    pages = {A25},
      doi = {10.1051/0004-6361/201527416},
   adsurl = {http://adsabs.harvard.edu/abs/2016A%26A...591A..25N},
  adsnote = {Provided by the SAO/NASA Astrophysics Data System}
}



@BOOK{Phillips94,
   author = {{Phillips}, A.~C.},
    title = "{The physics of stars}",
 keywords = {STARS, ASTROPHYSICS},
booktitle = {Physica Scripta Volume T},
     year = 1994,
   adsurl = {http://adsabs.harvard.edu/abs/1994phst.book.....P},
  adsnote = {Provided by the SAO/NASA Astrophysics Data System}
}

%Landau L.D., 1932, “On the theory of stars,” Phys. Z. Sowjetunion 1, 285–288.
@ARTICLE{Landau32,
   author = {{Landau}, L.~D.},
    title = "{On the theory of stars}",
  journal = {Phys. Z. Sowjetunion},
 keywords = {STARS, FERMI STATISTICS, EMDEN's POLITROPES, EQUILIBRIUM, GRAVITATIONAL COLLAPSE, CRITICAL MASS   From: Aleksey A.~Shlyapnikov Address: aas@crao.crimea.ua Database: ast  },
     year = 1932,
    month = feb,
   volume = 1,
    pages = {285-288},
   adsurl = {http://adsabs.harvard.edu/abs/1932PhyZS...1..285L},
  adsnote = {Provided by the SAO/NASA Astrophysics Data System}
}


@ARTICLE{Baade34a,
   author = {{Baade}, W. and {Zwicky}, F.},
    title = "{Cosmic Rays from Super-novae}",
  journal = {Proceedings of the National Academy of Science},
     year = 1934,
    month = may,
   volume = 20,
    pages = {259-263},
      doi = {10.1073/pnas.20.5.259},
   adsurl = {http://adsabs.harvard.edu/abs/1934PNAS...20..259B},
  adsnote = {Provided by the SAO/NASA Astrophysics Data System}
}

% From Haensel EoS book: (apparently wrong)
%@ARTICLE{Baade34aa,
%   author = {{Baade}, W. and {Zwicky}, F.},
%    title = "{Supernovae and cosmic rays},
%  journal = {Physical Review},
%     year = 1934,
%    month = jan,
%   volume = 45,
%    pages = {138},
%      doi = {10.1103/PhysRev.46.76.2},
%   adsurl = {http://adsabs.harvard.edu/abs/1934PhRv...46...76B},
%  adsnote = {Provided by the SAO/NASA Astrophysics Data System}
%}

% Haensel EOS book: does not actually contain citation of NSs
%@ARTICLE{Baade34b,
%   author = {{Baade}, W. and {Zwicky}, F.},
%    title = "{On Super-novae}",
%  journal = {Proceedings of the National Academy of Science},
%     year = 1934,
%    month = may,
%   volume = 20,
%    pages = {254-259},
%      doi = {10.1073/pnas.20.5.254},
%   adsurl = {http://adsabs.harvard.edu/abs/1934PNAS...20..254B},
%  adsnote = {Provided by the SAO/NASA Astrophysics Data System}
%}

%@ARTICLE{Baade34c,
%   author = {{Baade}, W. and {Zwicky}, F.},
%    title = "{Remarks on Super-Novae and Cosmic Rays}",
%  journal = {Physical Review},
%     year = 1934,
%    month = jul,
%   volume = 46,
%    pages = {76-77},
%      doi = {10.1103/PhysRev.46.76.2},
%   adsurl = {http://adsabs.harvard.edu/abs/1934PhRv...46...76B},
%  adsnote = {Provided by the SAO/NASA Astrophysics Data System}
%}


@ARTICLE{Zwicky38,
   author = {{Zwicky}, F.},
    title = "{On Collapsed Neutron Stars.}",
  journal = {\apj},
     year = 1938,
    month = nov,
   volume = 88,
    pages = {522-525},
      doi = {10.1086/144003},
   adsurl = {http://adsabs.harvard.edu/abs/1938ApJ....88..522Z},
  adsnote = {Provided by the SAO/NASA Astrophysics Data System}
}



@ARTICLE{Hewish68,
   author = {{Hewish}, A. and {Bell}, S.~J. and {Pilkington}, J.~D.~H. and 
	{Scott}, P.~F. and {Collins}, R.~A.},
    title = "{Observation of a Rapidly Pulsating Radio Source}",
  journal = {\nat},
     year = 1968,
    month = feb,
   volume = 217,
    pages = {709-713},
      doi = {10.1038/217709a0},
   adsurl = {http://adsabs.harvard.edu/abs/1968Natur.217..709H},
  adsnote = {Provided by the SAO/NASA Astrophysics Data System}
}
